%% This BibTeX bibliography file was created using BibDesk.
%% http://bibdesk.sourceforge.net/

%% Created for MÃ¤ttig Peter at 2021-06-09 16:20:33 +0200 


%% Saved with string encoding Unicode (UTF-8) 



@article{Weinberg:1979sa,
	author = {Weinberg, Steven},
	date-added = {2021-06-09 16:20:19 +0200},
	date-modified = {2021-06-09 16:20:19 +0200},
	doi = {10.1103/PhysRevLett.43.1566},
	journal = {Phys. Rev. Lett.},
	pages = {1566--1570},
	reportnumber = {HUTP-79-A050},
	title = {{Baryon and Lepton Nonconserving Processes}},
	volume = {43},
	year = {1979},
}

@article{Espinosa:2016ovf,
	author = {Espinosa, Jose Ramon},
	date-added = {2021-06-08 11:02:46 +0200},
	date-modified = {2021-06-08 11:02:46 +0200},
	doi = {10.22323/1.263.0012},
	journal = {PoS},
	pages = {012},
	title = {{Higgs Effective Field Theory}},
	volume = {CORFU2015},
	year = {2016},
}

@article{Brivio:2017vri,
	archiveprefix = {arXiv},
	author = {Brivio, Ilaria and Trott, Michael},
	doi = {10.1016/j.physrep.2018.11.002},
	eprint = {1706.08945},
	journal = {Phys. Rept.},
	pages = {1--98},
	primaryclass = {hep-ph},
	title = {{The Standard Model as an Effective Field Theory}},
	volume = {793},
	year = {2019},
}

@article{Falkowski:2015wza,
	archiveprefix = {arXiv},
	author = {Falkowski, Adam and Fuks, Benjamin and Mawatari, Kentarou and Mimasu, Ken and Riva, Francesco and Sanz, Ver{\'o}nica},
	doi = {10.1140/epjc/s10052-015-3806-x},
	eprint = {1508.05895},
	journal = {Eur. Phys. J. C},
	number = {12},
	pages = {583},
	primaryclass = {hep-ph},
	reportnumber = {MCNET-15-25},
	title = {{Rosetta: an operator basis translator for Standard Model effective field theory}},
	volume = {75},
	year = {2015},
}

@article{Eichten:1983hw,
	author = {Eichten, E. and Lane, Kenneth D. and Peskin, Michael E.},
	doi = {10.1103/PhysRevLett.50.811},
	editor = {Tran Thanh Van, J.},
	journal = {Phys. Rev. Lett.},
	pages = {811--814},
	reportnumber = {SLAC-PUB-3128, FERMILAB-PUB-83-015-THY, FERMILAB-PUB-83-015-T},
	title = {{New Tests for Quark and Lepton Substructure}},
	volume = {50},
	year = {1983},
}

@article{Buchmuller:1985jz,
	author = {Buchmuller, W. and Wyler, D.},
	doi = {10.1016/0550-3213(86)90262-2},
	journal = {Nucl. Phys. B},
	pages = {621--653},
	reportnumber = {CERN-TH-4254/85},
	title = {{Effective Lagrangian Analysis of New Interactions and Flavor Conservation}},
	volume = {268},
	year = {1986},
}

@article{Randall:1999ee,
	archiveprefix = {arXiv},
	author = {Randall, Lisa and Sundrum, Raman},
	doi = {10.1103/PhysRevLett.83.3370},
	eprint = {hep-ph/9905221},
	journal = {Phys. Rev. Lett.},
	pages = {3370--3373},
	reportnumber = {MIT-CTP-2860, PUPT-1860, BUHEP-99-9},
	title = {{A Large mass hierarchy from a small extra dimension}},
	volume = {83},
	year = {1999},
}

@article{Susskind:1978ms,
	author = {Susskind, Leonard},
	doi = {10.1103/PhysRevD.20.2619},
	journal = {Phys. Rev. D},
	pages = {2619--2625},
	reportnumber = {SLAC-PUB-2142},
	title = {{Dynamics of Spontaneous Symmetry Breaking in the Weinberg-Salam Theory}},
	volume = {20},
	year = {1979},
}

@article{Weinberg:1975gm,
	author = {Weinberg, Steven},
	doi = {10.1103/PhysRevD.19.1277},
	journal = {Phys. Rev. D},
	note = {[Addendum: Phys.Rev.D 19, 1277--1280 (1979)]},
	pages = {974--996},
	reportnumber = {PRINT-75-0804 (HARVARD)},
	title = {{Implications of Dynamical Symmetry Breaking}},
	volume = {13},
	year = {1976},
}

@article{Aaboud:2019nan,
	archiveprefix = {arXiv},
	author = {Aaboud, Morad and others},
	collaboration = {ATLAS},
	doi = {10.1007/JHEP05(2019)141},
	eprint = {1903.04618},
	journal = {JHEP},
	pages = {141},
	primaryclass = {hep-ex},
	reportnumber = {CERN-EP-2019-019},
	slaccitation = {%%CITATION = ARXIV:1903.04618;%%},
	title = {{Measurement of VH, $ \mathrm{H}\to \mathrm{b}\overline{\mathrm{b}} $ production as a function of the vector-boson transverse momentum in 13 TeV pp collisions with the ATLAS detector}},
	volume = {05},
	year = {2019},
}

@techreport{ATL-PHYS-PUB-2017-018,
	address = {Geneva},
	author = {{ATLAS Collaboration}},
	collaboration = {ATLAS Collaboration},
	institution = {CERN},
	month = {Nov},
	number = {ATL-PHYS-PUB-2017-018},
	reportnumber = {ATL-PHYS-PUB-2017-018},
	title = {{Constraints on an effective Lagrangian from the combined $H\to ZZ^*\to 4\ell$ and $H\to\gamma\gamma$ channels using 36.1 fb$^{-1}$ of $\sqrt{s}=$ 13 TeV $pp$ collision data collected with the ATLAS detector}},
	url = {https://cds.cern.ch/record/2293084},
	year = {2017},
}

@article{Aad:2015iea,
	archiveprefix = {arXiv},
	author = {Aad, Georges and others},
	collaboration = {ATLAS},
	doi = {10.1007/JHEP10(2015)054},
	eprint = {1507.05525},
	journal = {JHEP},
	pages = {054},
	primaryclass = {hep-ex},
	reportnumber = {CERN-PH-EP-2015-162},
	slaccitation = {%%CITATION = ARXIV:1507.05525;%%},
	title = {{Summary of the searches for squarks and gluinos using $ \sqrt{s}=8 $ TeV pp collisions with the ATLAS experiment at the LHC}},
	volume = {10},
	year = {2015},
}

@article{Aad:2015eda,
	archiveprefix = {arXiv},
	author = {Aad, Georges and others},
	collaboration = {ATLAS},
	doi = {10.1103/PhysRevD.93.052002},
	eprint = {1509.07152},
	journal = {Phys. Rev.},
	number = {5},
	pages = {052002},
	primaryclass = {hep-ex},
	reportnumber = {CERN-PH-EP-2015-218},
	slaccitation = {%%CITATION = ARXIV:1509.07152;%%},
	title = {{Search for the electroweak production of supersymmetric particles in $\sqrt{s}$=8 TeV $pp$ collisions with the ATLAS detector}},
	volume = {D93},
	year = {2016},
}

@article{borrelli2012,
	author = {Borrelli, Arianna},
	doi = {10.1016/j.shpsb.2012.04.003},
	issn = {13552198},
	journal = {Studies in History and Philosophy of Modern Physics},
	number = {3},
	pages = {195-214},
	title = {The case of the composite Higgs: The model as a ``Rosetta stone'' in contemporary high-energy physics},
	type = {Journal Article},
	url = {http://resolver.scholarsportal.info/resolve/13552198/v43i0003/195_tcotchasichp},
	volume = {43},
	year = {2012},
}

@techreport{CMS-PAS-SUS-19-005,
	address = {Geneva},
	author = {{CMS Collaboration}},
	collaboration = {CMS Collaboration},
	institution = {CERN},
	number = {CMS-PAS-SUS-19-005},
	reportnumber = {CMS-PAS-SUS-19-005},
	title = {{Searches for new phenomena in events with jets and high values of the $M_{\mathrm{T2}}$ variable, including signatures with disappearing tracks, in proton-proton collisions at $\sqrt{s}=13~\mathrm{TeV}$}},
	url = {http://cds.cern.ch/record/2668105},
	year = {2019},
}

@article{Altmannshofer:2017yso,
	archiveprefix = {arXiv},
	author = {Altmannshofer, Wolfgang and Stangl, Peter and Straub, David M.},
	doi = {10.1103/PhysRevD.96.055008},
	eprint = {1704.05435},
	journal = {Phys. Rev.},
	number = {5},
	pages = {055008},
	primaryclass = {hep-ph},
	slaccitation = {%%CITATION = ARXIV:1704.05435;%%},
	title = {{Interpreting Hints for Lepton Flavor Universality Violation}},
	volume = {D96},
	year = {2017},
}

@article{Alok:2019ufo,
	archiveprefix = {arXiv},
	author = {Alok, Ashutosh Kumar and Dighe, Amol and Gangal, Shireen and Kumar, Dinesh},
	doi = {10.1007/JHEP06(2019)089},
	eprint = {1903.09617},
	journal = {JHEP},
	pages = {089},
	primaryclass = {hep-ph},
	reportnumber = {TIFR/TH/19-6},
	slaccitation = {%%CITATION = ARXIV:1903.09617;%%},
	title = {{Continuing search for new physics in $b \to s \mu \mu$ decays: two operators at a time}},
	volume = {06},
	year = {2019},
}

@article{Amhis:2239811,
	author = {Amhis, Y. and Banerjee, Sw. and Ben-Haim, E. and Bernlochner, F. and Bozek, A. and Bozzi, C. and Chrzaszcz, M. and Dingfelder, J. and Duell, S. and Gersabeck, M. and Gershon, T. and Gerstel, D. and Goldenzweig, P. and Harr, R. and Hayasaka, K. and Hayashii, H. and Kenzie, M. and Kuhr, T. and Leroy, O. and Lusiani, A. and Lyu, X.R. and Miyabayashi, K. and Naik, P. and Nanut, T. and Oyanguren Campos, A. and Patel, M. and Pedrini, D. and Petri{\v c}, M. and Rama, M. and Roney, M. and Rotondo, M. and Schneider, O. and Schwanda, C. and Schwartz, A.J. and Serrano, J. and Shwartz, B. and Tesarek, R. and Tonelli, D. and Trabelsi, K. and Urquijo, P. and Van Kooten, R. and Yelton, J. and Zupanc, A.},
	collaboration = {HFLAV Collaboration},
	doi = {10.1140/epjc/s10052-017-5058-4},
	journal = {Eur. Phys. J. C},
	month = {Dec},
	note = {498 pages, 293 figures, many tables. Online updates available at http://www.slac.stanford.edu/xorg/hflav/. v2 updated with important improvements. v3 corresponds to published version},
	number = {FERMILAB-PUB-16-611-ND. 12},
	pages = {895. 482 p},
	reportnumber = {FERMILAB-PUB-16-611-ND},
	title = {{Averages of $b$-hadron, $c$-hadron, and $\tau$-lepton properties as of summer 2016. Averages of $b$-hadron, $c$-hadron, and $\tau$-lepton properties as of summer 2016}},
	url = {https://cds.cern.ch/record/2239811},
	volume = {77},
	year = {2016},
}

@article{Bailer-Jones2002-BAISTO,
	author = {Daniela M. Bailer{-}Jones},
	doi = {10.1162/106361402321899069},
	journal = {Perspectives on Science},
	number = {3},
	pages = {275--301},
	publisher = {Mit Press},
	title = {Scientists' Thoughts on Scientific Models},
	volume = {10},
	year = {2002},
}

@article{Grannis:2013xna,
	author = {Grannis, Paul D. and Shochet, Melvyn J.},
	doi = {10.1146/annurev-nucl-102212-170621},
	journal = {Ann. Rev. Nucl. Part. Sci.},
	pages = {467-502},
	slaccitation = {%%CITATION = ARNUA,63,467;%%},
	title = {{The Tevatron Collider Physics Legacy}},
	volume = {63},
	year = {2013},
}

@article{Bevan:2014iga,
	archiveprefix = {arXiv},
	author = {Bevan, A. J. and others},
	collaboration = {BaBar, Belle},
	doi = {10.1140/epjc/s10052-014-3026-9},
	eprint = {1406.6311},
	journal = {Eur. Phys. J.},
	pages = {3026},
	primaryclass = {hep-ex},
	reportnumber = {SLAC-PUB-15968, KEK-PREPRINT-2014-3, FERMILAB-PUB-14-262-T},
	slaccitation = {%%CITATION = ARXIV:1406.6311;%%},
	title = {{The Physics of the B Factories}},
	volume = {C74},
	year = {2014},
}

@article{Aghanim:2018eyx,
	archiveprefix = {arXiv},
	author = {Aghanim, N. and others},
	collaboration = {Planck},
	eprint = {1807.06209},
	primaryclass = {astro-ph.CO},
	slaccitation = {%%CITATION = ARXIV:1807.06209;%%},
	title = {{Planck 2018 results. VI. Cosmological parameters}},
	year = {2018}}

@article{Tanabashi:2018oca,
	author = {Tanabashi, M. and others},
	collaboration = {Particle Data Group},
	doi = {10.1103/PhysRevD.98.030001},
	journal = {Phys. Rev.},
	number = {3},
	pages = {030001},
	slaccitation = {%%CITATION = PHRVA,D98,030001;%%},
	title = {{Review of Particle Physics}},
	volume = {D98},
	year = {2018},
}

@article{Giudice:2007fh,
	archiveprefix = {arXiv},
	author = {Giudice, G. F. and Grojean, C. and Pomarol, A. and Rattazzi, R.},
	doi = {10.1088/1126-6708/2007/06/045},
	eprint = {hep-ph/0703164},
	journal = {JHEP},
	pages = {045},
	primaryclass = {hep-ph},
	reportnumber = {CERN-PH-TH-2007-47},
	slaccitation = {%%CITATION = HEP-PH/0703164;%%},
	title = {{The Strongly-Interacting Light Higgs}},
	volume = {06},
	year = {2007},
}

@article{Contino:2013kra,
	archiveprefix = {arXiv},
	author = {Contino, Roberto and Ghezzi, Margherita and Grojean, Christophe and Muhlleitner, Margarete and Spira, Michael},
	doi = {10.1007/JHEP07(2013)035},
	eprint = {1303.3876},
	journal = {JHEP},
	pages = {035},
	primaryclass = {hep-ph},
	reportnumber = {CERN-PH-TH-2013-047, KA-TP-06-2013, PSI-PR-13-04},
	slaccitation = {%%CITATION = ARXIV:1303.3876;%%},
	title = {{Effective Lagrangian for a light Higgs-like scalar}},
	volume = {07},
	year = {2013},
}

@article{deFlorian:2016spz,
	archiveprefix = {arXiv},
	author = {de Florian, D. and others},
	collaboration = {LHC Higgs Cross Section Working Group},
	doi = {10.23731/CYRM-2017-002},
	eprint = {1610.07922},
	month = {10},
	primaryclass = {hep-ph},
	reportnumber = {FERMILAB-FN-1025-T, CERN-2017-002-M},
	title = {{Handbook of LHC Higgs Cross Sections: 4. Deciphering the Nature of the Higgs Sector}},
	year = {2016},
}

@article{Grzadkowski:2010es,
	archiveprefix = {arXiv},
	author = {Grzadkowski, B. and Iskrzynski, M. and Misiak, M. and Rosiek, J.},
	doi = {10.1007/JHEP10(2010)085},
	eprint = {1008.4884},
	journal = {JHEP},
	pages = {085},
	primaryclass = {hep-ph},
	reportnumber = {IFT-9-2010, TTP10-35},
	slaccitation = {%%CITATION = ARXIV:1008.4884;%%},
	title = {{Dimension-Six Terms in the Standard Model Lagrangian}},
	volume = {10},
	year = {2010},
}

@article{Aaboud:2018xdt,
	archiveprefix = {arXiv},
	author = {Aaboud, Morad and others},
	collaboration = {ATLAS},
	doi = {10.1103/PhysRevD.98.052005},
	eprint = {1802.04146},
	journal = {Phys. Rev.},
	pages = {052005},
	primaryclass = {hep-ex},
	reportnumber = {CERN-EP-2017-288},
	slaccitation = {%%CITATION = ARXIV:1802.04146;%%},
	title = {{Measurements of Higgs boson properties in the diphoton decay channel with 36 fb$^{-1}$ of $pp$ collision data at $\sqrt{s} = 13$ TeV with the ATLAS detector}},
	volume = {D98},
	year = {2018},
}

@article{Chatrchyan:2012xdj,
	archiveprefix = {arXiv},
	author = {Chatrchyan, Serguei and others},
	collaboration = {CMS},
	doi = {10.1016/j.physletb.2012.08.021},
	eprint = {1207.7235},
	journal = {Phys. Lett.},
	pages = {30-61},
	primaryclass = {hep-ex},
	reportnumber = {CMS-HIG-12-028, CERN-PH-EP-2012-220},
	slaccitation = {%%CITATION = ARXIV:1207.7235;%%},
	title = {{Observation of a new boson at a mass of 125 GeV with the CMS experiment at the LHC}},
	volume = {B716},
	year = {2012},
}

@article{Aad:2012tfa,
	archiveprefix = {arXiv},
	author = {Aad, Georges and others},
	collaboration = {ATLAS},
	doi = {10.1016/j.physletb.2012.08.020},
	eprint = {1207.7214},
	journal = {Phys. Lett.},
	pages = {1-29},
	primaryclass = {hep-ex},
	reportnumber = {CERN-PH-EP-2012-218},
	slaccitation = {%%CITATION = ARXIV:1207.7214;%%},
	title = {{Observation of a new particle in the search for the Standard Model Higgs boson with the ATLAS detector at the LHC}},
	volume = {B716},
	year = {2012},
}

@article{Schael:2013ita,
	archiveprefix = {arXiv},
	author = {Schael, S. and others},
	collaboration = {ALEPH, DELPHI, L3, OPAL, LEP Electroweak},
	doi = {10.1016/j.physrep.2013.07.004},
	eprint = {1302.3415},
	journal = {Phys. Rept.},
	pages = {119-244},
	primaryclass = {hep-ex},
	reportnumber = {CERN-PH-EP-2013-022},
	slaccitation = {%%CITATION = ARXIV:1302.3415;%%},
	title = {{Electroweak Measurements in Electron-Positron Collisions at W-Boson-Pair Energies at LEP}},
	volume = {532},
	year = {2013},
}

@article{alves2011,
	archiveprefix = {arXiv},
	author = {Alves, Daniele},
	collaboration = {LHC New Physics Working Group},
	doi = {10.1088/0954-3899/39/10/105005},
	editor = {Arkani-Hamed, Nima and Arora, Sanjay and Bai, Yang and Baumgart, Matthew and Berger, Joshua and Buckley, Matthew and Butler, Bart and Chang, Spencer and Cheng, Hsin-Chia and Cheung, Clifford and others},
	eprint = {1105.2838},
	journal = {J. Phys.},
	pages = {105005},
	primaryclass = {hep-ph},
	reportnumber = {SLAC-PUB-15045, FERMILAB-PUB-11-842-A-PPD},
	title = {{Simplified Models for LHC New Physics Searches}},
	volume = {G39},
	year = {2012},
}

@article{alwall2009,
	archiveprefix = {arXiv},
	author = {Alwall, Johan and Schuster, Philip and Toro, Natalia},
	doi = {10.1103/PhysRevD.79.075020},
	eprint = {0810.3921},
	journal = {Phys. Rev.},
	pages = {075020},
	primaryclass = {hep-ph},
	reportnumber = {SLAC-PUB-13425, SU-ITP-08-24},
	title = {{Simplified Models for a First Characterization of New Physics at the LHC}},
	volume = {D79},
	year = {2009},
}

@incollection{bain2013a,
	author = {Bain, Jonathan},
	booktitle = {The Oxford Handbook of Philosophy of Physics},
	editor = {Batterman, Robert},
	pages = {224--254},
	publisher = {Oxford University Press},
	title = {Effective Field Theories},
	type = {Book Section},
	year = {2013}}

@article{cao1993,
	author = {Tian Yu Cao and Silvan S. Schweber},
	journal = {Synthese},
	number = {1},
	pages = {33--108},
	publisher = {Springer},
	title = {The Conceptual Foundations and the Philosophical Aspects of Renormalization Theory},
	volume = {97},
	year = {1993}}

@book{cartwright99,
	address = {Cambridge, UK},
	author = {Cartwright, Nancy},
	publisher = {Cambridge University Press},
	title = {The Dappled World},
	type = {Book},
	year = {1999}}

@article{castellani2002,
	author = {Elena Castellani},
	journal = {Studies in History and Philosophy of Science Part B: Studies in History and Philosophy of Modern Physics},
	number = {2},
	pages = {251--267},
	title = {Reductionism, Emergence, and Effective Field Theories},
	volume = {33},
	year = {2002}}

@article{challetal1,
	author = {Chall, Cristin and Martin King and Peter M\"{a}ttig and Michael St\"{o}ltzner},
	title = {From a Boson to the Standard Model Higgs: A Case Study in Confirmation and Model Dynamics},
	year = {2021},
	pages = {3779--3811},
	journal = {Synthese},
	type = {Journal Article},
   doi = {10.1007/s11229-019-02216-7},
}

@book{cummins1996,
	address = {Cambridge, Mass},
	author = {Cummins, Robert},
	isbn = {9780262032353, 026203235X},
	lccn = {E 6709/535},
	publisher = {MIT Press},
	series = {A Bradford Book},
	title = {Representation, targets, and attitudes},
	year = {1996}}

@article{currie2016,
	author = {Currie, Gregory},
	journal = {The Monist},
	number = {3},
	pages = {296--310},
	publisher = {Oxford University Press (Oup)},
	title = {Models As Fictions, Fictions As Models},
	volume = {99},
	year = {2016}}

@article{drandzb,
	abstract = {In this article we defend the inferential view of scientific models and idealisation. Models are seen as ``inferential prostheses'' (instruments for surrogative reasoning) construed by means of an idealisation-concretisation process, which we essentially understand as a kind of counterfactual deformation procedure (also analysed in inferential terms). The value of scientific representation is understood in terms not only of the success of the inferential outcomes arrived at with its help, but also of the heuristic power of representation and their capacity to correct and improve our models. This provides us with an argument against Sugden's account of credible models: the likelihood or realisticness (their ``credibility'') is not always a good measure of their acceptability. As opposed to ``credibility'' we propose the notion of ``enlightening'', which is the capacity of giving us understanding in the sense of an inferential ability.},
	author = {Donato Rodr{\'\i}guez, Xavier and Zamora Bonilla, Jes{\'u}s},
	doi = {10.1007/s10670-008-9139-5},
	issn = {0165-0106},
	journal = {Erkenntnis},
	number = {1},
	pages = {101-118},
	title = {Credibility, Idealisation, and Model Building: An Inferential Approach},
	type = {Journal Article},
	url = {http://resolver.scholarsportal.info/resolve/01650106/v70i0001/101_ciambaia},
	volume = {70},
	year = {2009},
}

@article{fraser2009,
	author = {Doreen Fraser},
	journal = {Philosophy of Science},
	number = {4},
	pages = {536--567},
	publisher = {University of Chicago Press},
	title = {Quantum Field Theory: Underdetermination, Inconsistency, and Idealization},
	volume = {76},
	year = {2009}}

@incollection{fraserj2020,
	author = {Fraser, James},
	title = {Towards a Realist View of Quantum Field Theory},
	booktitle = {Realism and the Quantum},
	editor = {Steven French and Juha Saatsi},
	publisher = {Oxford UP},
	year = {2020},
	pages = {pp.~276--292},	
}

@article{frigg2009,
	abstract = {Most scientific models are not physical objects, and this raises important questions. What sort of entity are models, what is truth in a model, and how do we learn about models? In this paper I argue that models share important aspects in common with literary fiction, and that therefore theories of fiction can be brought to bear on these questions. In particular, I argue that the pretence theory as developed by Walton (1990, Mimesis as make-believe: on the foundations of the representational arts. Harvard University Press, Cambridge/MA) has the resources to answer these questions. I introduce this account, outline the answers that it offers, and develop a general picture of scientific modelling based on it.},
	author = {Frigg, Roman},
	day = {27},
	doi = {10.1007/s11229-009-9505-0},
	issn = {1573-0964},
	journal = {Synthese},
	month = {Mar},
	number = {2},
	pages = {251},
	title = {Models and fiction},
	url = {https://doi.org/10.1007/s11229-009-9505-0},
	volume = {172},
	year = {2009},
}

@misc{hartmann95,
	author = {Stephan Hartmann},
	month = {August},
	title = {Models as a Tool for Theory Construction: Some Strategies of Preliminary Physics},
	url = {http://philsci-archive.pitt.edu/2410/},
	year = {1995},
	}

@incollection{Hartmann1998,
	author = {Stephan Hartmann},
	booktitle = {Idealization in Contemporary Physics},
	editor = {Niall Shanks},
	pages = {99--122},
	publisher = {Rodopi Bv Editions},
	title = {Idealization in Quantum Field Theory},
	year = {1998}}

@incollection{hartmann1999,
	author = {Stephan Hartmann},
	booktitle = {Models as Mediators: Perspectives on Natural and Social Science},
	editor = {Margaret Morrison and Mary Morgan},
	pages = {52--326},
	title = {Models and Stories in Hadron Physics},
	year = {1999}}

@article{hartmann2001,
	author = {Stephan Hartmann},
	journal = {Studies in History and Philosophy of Science Part B: Studies in History and Philosophy of Modern Physics},
	number = {2},
	pages = {267--304},
	title = {Effective Field Theories, Reductionism and Scientific Explanation},
	volume = {32},
	year = {2001}}

@article{hughes97,
	author = {R. I. G. Hughes},
	doi = {10.1086/392611},
	journal = {Philosophy of Science},
	number = {4},
	pages = {336},
	publisher = {University of Chicago Press},
	title = {Models and Representation},
	volume = {64},
	year = {1997},
	doi = {https://doi.org/10.1086/392611}}

@article{karaca2013,
	author = {Koray Karaca},
	journal = {Science in Context},
	number = {1},
	pages = {93--136},
	title = {The Strong and Weak Senses of Theory-Ladenness of Experimentation: Theory-Driven Versus Exploratory Experiments in the History of High-Energy Particle Physics},
	volume = {26},
	year = {2013}}

@article{knuuttila2011,
	author = {Tarja Knuuttila},
	journal = {Studies in History and Philosophy of Science Part A},
	number = {2},
	pages = {262--271},
	publisher = {Elsevier},
	title = {Modelling and Representing: An Artefactual Approach to Model-Based Representation},
	volume = {42},
	year = {2011}}

@article{Knuuttila2017,
	author = {Tarja Knuuttila},
	doi = {10.1007/s11229-017-1545-2},
	journal = {Synthese},
	pages = {1--21},
	title = {Imagination Extended and Embedded: Artifactual Versus Fictional Accounts of Models},
	year = {2017},
	doi = {https://doi.org/10.1007/s11229-017-1545-2}}

@article{mccoymassimi,
	author = {McCoy, C.D. and Massimi, Michaela},
	journal = {European Journal for Philosophy of Science},
	number = {1},
	pages = {99--123},
	publisher = {Springer},
	title = {Simplified Models: A Different Perspective on Models as Mediators},
	volume = {8},
	year = {2018}}

@article{massimi2018,
	author = {Michela Massimi},
	journal = {Philosophy of Science},
	number = {3},
	pages = {335--359},
	title = {Perspectival Modeling},
	volume = {85},
	year = {2018}}

@incollection{borrellistoeltzner,
	author = {Arianna Borrelli and Michael St\"oltzner},
	booktitle = {Epsa11 Perspectives and Foundational Problems in Philosophy of Science},
	editor = {Vassilios Karakostas and Dennis Dieks},
	pages = {241--252},
	publisher = {Springer},
	title = {Model Landscapes in the Higgs Sector},
	year = {2013}}

@article{wallace2006,
	author = {David Wallace},
	journal = {Synthese},
	number = {1},
	pages = {33--80},
	publisher = {Springer},
	title = {In Defence of Naivet\'e: The Conceptual Status of Lagrangian Quantum Field Theory},
	volume = {151},
	year = {2006}}

@article{giere88,
	author = {Ronald N. Giere},
	journal = {Philosophical Review},
	number = {4},
	pages = {653--656},
	publisher = {Duke University Press},
	title = {Explaining Science: A Cognitive Approach},
	volume = {100},
	year = {1988}}

@article{Reutlinger2018,
	author = {Alexander Reutlinger and Dominik Hangleiter and Stephan Hartmann},
	doi = {10.1093/bjps/axx005},
	journal = {British Journal for the Philosophy of Science},
	number = {4},
	pages = {1069--1099},
	title = {Understanding (with) Toy Models},
	volume = {69},
	year = {2018},
	doi = {https://doi.org/10.1093/bjps/axx005}}

@inproceedings{suppes1962,
	author = {Suppes, Patrick},
	booktitle = {Logic, Methodology and Philosophy of Science Proceedings of the 1960 International Congress},
	publisher = {Stanford University Press},
	title = {Models of Data},
	year = {1962}}

@article{Ruetsche2018,
	author = {Laura Ruetsche},
	doi = {10.1086/699719},
	journal = {Philosophy of Science},
	number = {5},
	pages = {1176--1189},
	title = {Renormalization Group Realism: The Ascent of Pessimism},
	volume = {85},
	year = {2018},
	doi = {https://doi.org/10.1086/699719}}

@article{morgan01,
	author = {Morgan, Mary},
	booktitle = {Journal of Economic Methodology},
	month = {02},
	pages = {361-384},
	title = {Models, stories and the economic world},
	volume = {8},
	year = {2001}}

@book{morganmorrison,
	editor = {Morgan, Mary and Morrison, Margaret},
	publisher = {Cambridge UP},
	title = {Models as Mediators: Perspectives on Natural and Social Science},
	year = {1999}}

@incollection{morrison99,
	address = {Cambridge},
	author = {Morrison, Margaret},
	booktitle = {Models as Mediators: Perspectives on Natural and Social Science},
	editor = {Morrison, Margaret and Morgan, M.},
	pages = {38 - 65},
	publisher = {Cumbridge University Press},
	title = {Models as Autonomous Agents},
	type = {Book Section},
	year = {1999}}

@book{morrison00,
	address = {Cambridge, U.K. ; New York},
	author = {Morrison, Margaret},
	isbn = {0521652162 (hbk.)},
	keywords = {Unified field theories.},
	note = {99020874 Margaret Morrison. ill. ; 24 cm. Includes bibliographical references (p. 257-266) and index.},
	pages = {viii, 272 p.},
	publisher = {Cambridge University Press},
	title = {Unifying scientific theories : physical concepts and mathematical structures},
	type = {Book},
	year = {2000}}

@book{morrison2015,
	author = {Margaret Morrison},
	publisher = {Oup Usa},
	title = {Reconstructing Reality: Models, Mathematics, and Simulations},
	year = {2015}}

@article{pgs2009,
	author = {Godfrey-Smith, P.},
	journal = {Philosophical Studies},
	pages = {16},
	title = {Models and Fictions in Science},
	type = {Journal Article},
	volume = {143},
	year = {2009}}

@article{suppes60,
	author = {Patrick Suppes},
	issn = {00397857, 15730964},
	journal = {Synthese},
	number = {2/3},
	pages = {287--301},
	publisher = {Springer},
	title = {A Comparison of the Meaning and Uses of Models in Mathematics and the Empirical Sciences},
	url = {http://www.jstor.org/stable/20114347},
	volume = {12},
	year = {1960},
	doi = {http://www.jstor.org/stable/20114347}}

@article{teller01,
	author = {Teller, Paul},
	journal = {Erkenntnis},
	number = {3},
	title = {Twilight of the Perfect Model Model},
	type = {Journal Article},
	volume = {55},
	pages = {391--415},
	year = {2001}}

@article{williams2018,
	author = {Porter Williams},
	journal = {British Journal for the Philosophy of Science},
	title = {Scientific Realism Made Effective},
	type = {Journal Article},
	volume = {70},
	pages = {209--237},
	year = {2019}}

@inproceedings{Albrecht:2018frt,
	archiveprefix = {arXiv},
	author = {Albrecht, Johannes},
	booktitle = {{53rd Rencontres de Moriond on QCD and High Energy Interactions (Moriond QCD 2018) La Thuile, Italy, March 17-24, 2018}},
	collaboration = {LHCb},
	eprint = {1805.06243},
	primaryclass = {hep-ex},
	slaccitation = {%%CITATION = ARXIV:1805.06243;%%},
	title = {{Lepton Flavour Universality tests with B decays at LHCb}},
	year = {2018}}

@article{Buttazzo:2017ixm,
	archiveprefix = {arXiv},
	author = {Buttazzo, Dario and Greljo, Admir and Isidori, Gino and Marzocca, David},
	doi = {10.1007/JHEP11(2017)044},
	eprint = {1706.07808},
	journal = {JHEP},
	pages = {044},
	primaryclass = {hep-ph},
	reportnumber = {ZU-TH-18-17},
	slaccitation = {%%CITATION = ARXIV:1706.07808;%%},
	title = {{B-physics anomalies: a guide to combined explanations}},
	volume = {11},
	year = {2017},
	Bdsk-Url-1 = {https://doi.org/10.1007/JHEP11(2017)044}}

@article{Georgi:1994qn,
	author = {Georgi, H.},
	doi = {10.1146/annurev.ns.43.120193.001233},
	journal = {Ann. Rev. Nucl. Part. Sci.},
	pages = {209-252},
	slaccitation = {%%CITATION = ARNUA,43,209;%%},
	title = {{Effective field theory}},
	volume = {43},
	year = {1993},
	Bdsk-Url-1 = {https://doi.org/10.1146/annurev.ns.43.120193.001233}}

@book{hempel66,
	address = {Englewood Cliffs, N.J.},
	author = {Hempel, Carl G.},
	keywords = {Science Philosophy.},
	pages = {ix, 116 p.},
	publisher = {Prentice-Hall, Inc.},
	series = {Prentice-Hall foundations of philosophy series},
	title = {Philosophy of natural science},
	type = {Book},
	year = {1966}}

@book{carnap59,
	address = {London},
	author = {Carnap, Rudolf},
	keywords = {Logical positivism. Logic, Symbolic and mathematical.},
	pages = {xvi, 352 p. 22 cm.},
	publisher = {Routledge \& K. Paul},
	series = {Half-title: International library of psychology, philosophy and scientific method},
	title = {The logical syntax of language},
	type = {Book},
	year = {1959}}

@book{vf80,
	address = {New York},
	author = {van Fraassen, Bas C.},
	isbn = {019824424X},
	keywords = {Science Philosophy.},
	pages = {xi, 235 p.},
	publisher = {Clarendon Press},
	series = {Clarendon library of logic and philosophy},
	title = {The Scientific Image},
	type = {Book},
	year = {1980}}

@article{huggetweingard,
	author = {Nick Huggett and Robert Weingard},
	doi = {10.1007/BF01063904},
	journal = {Synthese},
	number = {1},
	pages = {171--194},
	publisher = {Springer},
	title = {The Renormalisation Group and Effective Field Theories},
	volume = {102},
	year = {1995},
	Bdsk-Url-1 = {https://doi.org/10.1007/BF01063904}}

@article{teller89,
	author = {Teller, Paul},
	journal = {Philosophy of Science},
	number = {2},
	pages = {238-257},
	title = {Infinite Renormalization},
	volume = {56},
	year = {1989}}

@misc{wells2011,
	author = {Wells, James},
	title = {When effective theories predict: the inevitability of Mercury's anomalous perihelion precession},
	type = {lecture},
	year = {2011}}

@book{wells2012,
	address = {New York},
	author = {Wells, James},
	publisher = {Springer},
	title = {Effective Theories in Physics: From Planetary Orbits to Elementary Particle Masses},
	type = {Book},
	year = {2012}}

@article{Ellis:2018gqa,
	archiveprefix = {arXiv},
	author = {Ellis, John and Murphy, Christopher W. and Sanz, Ver{\'o}nica and You, Tevong},
	doi = {10.1007/JHEP06(2018)146},
	eprint = {1803.03252},
	journal = {JHEP},
	pages = {146},
	primaryclass = {hep-ph},
	reportnumber = {Cavendish-HEP-2018-06, DAMTP-2018-12, KCL-PH-TH/2018-12, CERN-PH-TH/2018-042, CERN-TH-2018-042},
	slaccitation = {%%CITATION = ARXIV:1803.03252;%%},
	title = {{Updated Global SMEFT Fit to Higgs, Diboson and Electroweak Data}},
	volume = {06},
	year = {2018},
	Bdsk-Url-1 = {https://doi.org/10.1007/JHEP06(2018)146}}

@article{Aaij:2019wad,
	archiveprefix = {arXiv},
	author = {Aaij, Roel and others},
	collaboration = {LHCb},
	doi = {10.1103/PhysRevLett.122.191801},
	eprint = {1903.09252},
	journal = {Phys. Rev. Lett.},
	number = {19},
	pages = {191801},
	primaryclass = {hep-ex},
	reportnumber = {LHCb-PAPER-2019-009, CERN-EP-2019-043, LHCb-PAPER-2019-009 CERN-EP-2019-043},
	slaccitation = {%%CITATION = ARXIV:1903.09252;%%},
	title = {{Search for lepton-universality violation in $B^+\to K^+\ell^+\ell^-$ decays}},
	volume = {122},
	year = {2019},
	Bdsk-Url-1 = {https://doi.org/10.1103/PhysRevLett.122.191801}}

@article{Abdesselam:2019wac,
	archiveprefix = {arXiv},
	author = {Abdesselam, A. and others},
	collaboration = {Belle},
	eprint = {1904.02440},
	primaryclass = {hep-ex},
	reportnumber = {BELLE-CONF-1901},
	slaccitation = {%%CITATION = ARXIV:1904.02440;%%},
	title = {{Test of lepton flavor universality in ${B\to K^\ast\ell^+\ell^-}$ decays at Belle}},
	year = {2019}}

@article{Aaij:2017vbb,
	archiveprefix = {arXiv},
	author = {Aaij, R. and others},
	collaboration = {LHCb},
	doi = {10.1007/JHEP08(2017)055},
	eprint = {1705.05802},
	journal = {JHEP},
	pages = {055},
	primaryclass = {hep-ex},
	reportnumber = {LHCB-PAPER-2017-013, CERN-EP-2017-100},
	slaccitation = {%%CITATION = ARXIV:1705.05802;%%},
	title = {{Test of lepton universality with $B^{0} \rightarrow K^{*0}\ell^{+}\ell^{-}$ decays}},
	volume = {08},
	year = {2017},
	Bdsk-Url-1 = {https://doi.org/10.1007/JHEP08(2017)055}}

@article{Aaij:2015oid,
	archiveprefix = {arXiv},
	author = {Aaij, Roel and others},
	collaboration = {LHCb},
	doi = {10.1007/JHEP02(2016)104},
	eprint = {1512.04442},
	journal = {JHEP},
	pages = {104},
	primaryclass = {hep-ex},
	reportnumber = {CERN-PH-EP-2015-314, LHCB-PAPER-2015-051},
	slaccitation = {%%CITATION = ARXIV:1512.04442;%%},
	title = {{Angular analysis of the $B^{0} \to K^{*0} \mu^{+} \mu^{-}$ decay using 3 fb$^{-1}$ of integrated luminosity}},
	volume = {02},
	year = {2016},
	Bdsk-Url-1 = {https://doi.org/10.1007/JHEP02(2016)104}}

@article{Abdesselam:2019dgh,
	archiveprefix = {arXiv},
	author = {Abdesselam, A. and others},
	collaboration = {Belle},
	eprint = {1904.08794},
	primaryclass = {hep-ex},
	slaccitation = {%%CITATION = ARXIV:1904.08794;%%},
	title = {{Measurement of $\mathcal{R}(D)$ and $\mathcal{R}(D^{\ast})$ with a semileptonic tagging method}},
	year = {2019}}

@article{Altmannshofer:2017poe,
	archiveprefix = {arXiv},
	author = {Altmannshofer, Wolfgang and Bhupal Dev, P. S. and Soni, Amarjit},
	doi = {10.1103/PhysRevD.96.095010},
	eprint = {1704.06659},
	journal = {Phys. Rev.},
	number = {9},
	pages = {095010},
	primaryclass = {hep-ph},
	slaccitation = {%%CITATION = ARXIV:1704.06659;%%},
	title = {{$R_{D^{(*)}}$ anomaly: A possible hint for natural supersymmetry with $R$-parity violation}},
	volume = {D96},
	year = {2017},
	Bdsk-Url-1 = {https://doi.org/10.1103/PhysRevD.96.095010}}

@article{Greljo:2015mma,
	archiveprefix = {arXiv},
	author = {Greljo, Admir and Isidori, Gino and Marzocca, David},
	doi = {10.1007/JHEP07(2015)142},
	eprint = {1506.01705},
	journal = {JHEP},
	pages = {142},
	primaryclass = {hep-ph},
	reportnumber = {ZU-TH-16-15},
	slaccitation = {%%CITATION = ARXIV:1506.01705;%%},
	title = {{On the breaking of Lepton Flavor Universality in B decays}},
	volume = {07},
	year = {2015},
	Bdsk-Url-1 = {https://doi.org/10.1007/JHEP07(2015)142}}

@article{Boucenna:2016qad,
	archiveprefix = {arXiv},
	author = {Boucenna, Sofiane M. and Celis, Alejandro and Fuentes-Martin, Javier and Vicente, Avelino and Virto, Javier},
	doi = {10.1007/JHEP12(2016)059},
	eprint = {1608.01349},
	journal = {JHEP},
	pages = {059},
	primaryclass = {hep-ph},
	reportnumber = {LMU-ASC-34-16, IFIC-16-62},
	slaccitation = {%%CITATION = ARXIV:1608.01349;%%},
	title = {{Phenomenology of an $SU(2) \times SU(2) \times U(1)$ model with lepton-flavour non-universality}},
	volume = {12},
	year = {2016},
	Bdsk-Url-1 = {https://doi.org/10.1007/JHEP12(2016)059}}

@article{weinberg72,
	author = {Steven Weinberg},
	day = {1},
	doi = {10.1103/PhysRevD.5.1962},
	issn = {1550-7998},
	journal = {Physical Review D - Particles, Fields, Gravitation and Cosmology},
	month = {1},
	number = {8},
	pages = {1962--1967},
	title = {Mixing angle in renormalizable theories of weak and electromagnetic interactions},
	volume = {5},
	year = {1972},
	Bdsk-Url-1 = {https://doi.org/10.1103/PhysRevD.5.1962}}

@techreport{ATL-PHYS-PUB-2019-042,
	address = {Geneva},
	author = {Aad, G. and others},
	collaboration = {ATLAS Collaboration},
	institution = {CERN},
	month = {Oct},
	number = {ATL-PHYS-PUB-2019-042},
	reportnumber = {ATL-PHYS-PUB-2019-042},
	title = {{Methodology for EFT interpretation of Higgs boson Simplified Template Cross-section results in ATLAS}},
	url = {http://cds.cern.ch/record/2694284},
	year = {2019},
	Bdsk-Url-1 = {http://cds.cern.ch/record/2694284}}

@article{karaca2018,
	author = {Koray Karaca},
	journal = {Synthese},
	number = {12},
	pages = {5431--5452},
	publisher = {Springer Verlag},
	title = {Lessons From the Large Hadron Collider for Model-Based Experimentation: The Concept of a Model of Data Acquisition and the Scope of the Hierarchy of Models},
	volume = {195},
	year = {2018}}

@article{Fermi1934,
	author = {Fermi, E.},
	da = {1934/03/01},
	date-added = {2020-04-01 17:54:36 +0000},
	date-modified = {2020-04-01 17:54:36 +0000},
	doi = {10.1007/BF01351864},
	isbn = {0044-3328},
	journal = {Zeitschrift f{\"u}r Physik},
	number = {3},
	pages = {161--177},
	title = {Versuch einer Theorie der $\beta$-Strahlen.},
	ty = {JOUR},
	url = {https://doi.org/10.1007/BF01351864},
	volume = {88},
	year = {1934},
	Bdsk-Url-1 = {https://doi.org/10.1007/BF01351864}}

@article{Aad:2015caa,
	archiveprefix = {arXiv},
	author = {Aad, Georges and others},
	collaboration = {ATLAS},
	doi = {10.1140/epjc/s10052-015-3823-9},
	eprint = {1508.04735},
	journal = {Eur. Phys. J.},
	number = {1},
	pages = {5},
	primaryclass = {hep-ex},
	reportnumber = {CERN-PH-EP-2015-179},
	slaccitation = {%%CITATION = ARXIV:1508.04735;%%},
	title = {{Searches for scalar leptoquarks in pp collisions at $\sqrt{s}$ = 8 TeV with the ATLAS detector}},
	volume = {C76},
	year = {2016},
	Bdsk-Url-1 = {https://doi.org/10.1140/epjc/s10052-015-3823-9}}

@article{Aaboud:2017ayj,
	archiveprefix = {arXiv},
	author = {Aaboud, Morad and others},
	collaboration = {ATLAS},
	doi = {10.1007/JHEP12(2017)085},
	eprint = {1709.04183},
	journal = {JHEP},
	pages = {085},
	primaryclass = {hep-ex},
	reportnumber = {CERN-EP-2017-162},
	slaccitation = {%%CITATION = ARXIV:1709.04183;%%},
	title = {{Search for a scalar partner of the top quark in the jets plus missing transverse momentum final state at $\sqrt{s}$=13 TeV with the ATLAS detector}},
	volume = {12},
	year = {2017},
	Bdsk-Url-1 = {https://doi.org/10.1007/JHEP12(2017)085}}

@article{Higgs:1964ia,
	author = {Higgs, Peter W.},
	journal = {Phys. Lett.},
	pages = {132-133},
	slaccitation = {%%CITATION = PHLTA,12,132;%%},
	title = {Broken symmetries, massless particles and gauge fields},
	volume = {12},
	year = {1964}}

@article{Higgs:1964pj,
	author = {Higgs, Peter W.},
	journal = {Phys. Rev. Lett.},
	pages = {508-509},
	slaccitation = {%%CITATION = PRLTA,13,508;%%},
	title = {BROKEN SYMMETRIES AND THE MASSES OF GAUGE BOSONS},
	volume = {13},
	year = {1964}}

@article{Higgs:1966ev,
	author = {Higgs, Peter W.},
	journal = {Phys. Rev.},
	pages = {1156-1163},
	slaccitation = {%%CITATION = PHRVA,145,1156;%%},
	title = {SPONTANEOUS SYMMETRY BREAKDOWN WITHOUT MASSLESS BOSONS},
	volume = {145},
	year = {1966}}

@article{Englert:1964et,
	author = {Englert, F. and Brout, R.},
	journal = {Phys. Rev. Lett.},
	pages = {321-322},
	slaccitation = {%%CITATION = PRLTA,13,321;%%},
	title = {BROKEN SYMMETRY AND THE MASS OF GAUGE VECTOR MESONS},
	volume = {13},
	year = {1964}}

@article{Glashow:1961tr,
	author = {Glashow, S. L.},
	journal = {Nucl. Phys.},
	pages = {579-588},
	slaccitation = {%%CITATION = NUPHA,22,579;%%},
	title = {PARTIAL SYMMETRIES OF WEAK INTERACTIONS},
	volume = {22},
	year = {1961}}

@article{Salammodel,
	author = {Salam, A.},
	journal = {Proceedings of the Nobel Symposium held 1968 at Lerum, Sweden},
	pages = {367},
	slaccitation = {%%CITATION = NUPHA,22,579;%%},
	title = {Weak and electromagnetic interactions},
	year = {1968}}

@article{Hooft:1972fi,
	author = {'t Hooft, Gerard and Veltman, M. J. G.},
	journal = {Nucl. Phys.},
	pages = {189-213},
	slaccitation = {%%CITATION = NUPHA,B44,189;%%},
	title = {REGULARIZATION AND RENORMALIZATION OF GAUGE FIELDS},
	volume = {B44},
	year = {1972}}

@article{Glashow:1970gm,
	author = {Glashow, S. L. and Iliopoulos, J. and Maiani, L.},
	journal = {Phys. Rev.},
	pages = {1285-1292},
	slaccitation = {%%CITATION = PHRVA,D2,1285;%%},
	title = {WEAK INTERACTIONS WITH LEPTON--HADRON SYMMETRY},
	volume = {D2},
	year = {1970}}

@article{Fritzsch:1973pi,
	author = {Fritzsch, H. and Gell-Mann, Murray and Leutwyler, H.},
	journal = {Phys. Lett.},
	pages = {365-368},
	slaccitation = {%%CITATION = PHLTA,B47,365;%%},
	title = {ADVANTAGES OF THE COLOR OCTET GLUON PICTURE},
	volume = {B47},
	year = {1973}}

@article{Guralnik:1964eu,
	author = {Guralnik, G. S. and Hagen, C. R. and Kibble, T. W. B.},
	journal = {Phys. Rev. Lett.},
	pages = {585-587},
	slaccitation = {%%CITATION = PRLTA,13,585;%%},
	title = {GLOBAL CONSERVATION LAWS AND MASSLESS PARTICLES},
	volume = {13},
	year = {1964}}

@article{Weinberg:1967tq,
	author = {Weinberg, Steven},
	journal = {Phys. Rev. Lett.},
	pages = {1264-1266},
	slaccitation = {%%CITATION = PRLTA,19,1264;%%},
	title = {A MODEL OF LEPTONS},
	volume = {19},
	year = {1967}}

@article{Wess:1974kz,
	author = {Wess, J. and Zumino, B.},
	journal = {Phys. Lett.},
	pages = {52},
	slaccitation = {%%CITATION = PHLTA,B49,52;%%},
	title = {A LAGRANGIAN MODEL INVARIANT UNDER SUPERGAUGE TRANSFORMATIONS},
	volume = {B49},
	year = {1974}}

@article{Wess:1974tw,
	author = {Wess, J. and Zumino, B.},
	journal = {Nucl. Phys.},
	pages = {39-50},
	slaccitation = {%%CITATION = NUPHA,B70,39;%%},
	title = {SUPERGAUGE TRANSFORMATIONS IN FOUR-DIMENSIONS},
	volume = {B70},
	year = {1974}}

@article{Contino:2016jqw,
	archiveprefix = {arXiv},
	author = {Contino, Roberto and Falkowski, Adam and Goertz, Florian and Grojean, Christophe and Riva, Francesco},
	doi = {10.1007/JHEP07(2016)144},
	eprint = {1604.06444},
	journal = {JHEP},
	pages = {144},
	primaryclass = {hep-ph},
	reportnumber = {DESY-16-067, CERN-TH-2016-082, LPT-Orsay-16-32},
	title = {{On the Validity of the Effective Field Theory Approach to SM Precision Tests}},
	volume = {07},
	year = {2016},
	doi = {https://doi.org/10.1007/JHEP07(2016)144}}

@article{maettigstoeltznersig,
	author = {Maettig, Peter and Michael Stoeltzner},
	doi = {10.1086/710618},
	journal = {Philosophy of Science},
	pages = {1246--1256},
	volume = {87},
	title = {Searching for Signatures},
	year = {2020},
	}

@article{Rivat2020-RIVPFO,
	author = {S\'ebastien Rivat and Alexei Grinbaum},
	journal = {European Physical Journal A},
	number = {3},
	title = {Philosophical Foundations of Effective Field Theories},
	volume = {56},
	year = {2020}}

@misc{rivat2020a,
     title = {Effective Theories and Infinite Idealizations: A Challenge for Scientific Realism},
    author = {S{\'e}bastien Rivat},
      year = {2020},
  	doi = {10.1007/s11229-020-02852-4},
  	journal = {Synthese},
}

@book{Crowther2016-CROESU,
	author = {Karen Crowther},
	publisher = {Springer},
	title = {Effective Spacetime: Understanding Emergence in Effective Field Theory and Quantum Gravity},
	year = {2016}}

@article{Butterfield_2010,
	author = {Butterfield, J.},
	doi = {10.1007/s10701-010-9516-1},
	issn = {1572-9516},
	journal = {Foundations of Physics},
	month = {Dec},
	number = {6},
	pages = {1065--1135},
	publisher = {Springer Science and Business Media LLC},
	title = {Less is Different: Emergence and Reduction Reconciled},
	url = {http://dx.doi.org/10.1007/s10701-010-9516-1},
	volume = {41},
	year = {2010},
	Bdsk-Url-1 = {http://dx.doi.org/10.1007/s10701-010-9516-1}}

@unpublished{Grinbaum2008-GRIOTE,
	author = {Alexei Grinbaum},
	title = {On the Eve of the LHC: Conceptual Questions in High-Energy Physics},
	year = {2008}}
